@article{Erik,
    author = {Arneson, E.},
    title = {Learn to play checkers},
    issue_date = {October 2017},
    month = October,
    year = {2017},
    issn = {1},
    url = {https://www.thespruce.com/play-checkers-using-standard-rules-409287},
    publisher = {The Spruce},
    address = {New York, NY, USA},
    keywords = {checkers, rules, American},
} 
@article{Sample,
    author = {O, Tony.},
    title = {Sharp Checkers},
    issue_date = {November 2009},
    volume = {0},
    month = November,
    year = {2015},
    url = {https://sharpcheckers.codeplex.com/},
    publisher = {CodePlex},
    address = {New York, NY, USA},
    keywords = {checkers, C#,  WPF},
} 
@article{Arrays,
    author = {tutorialspoint},
    title = {C\# arrays},
    issue_date = {2017},
    month = November,
    year = {2017},
    url = {https://www.tutorialspoint.com/csharp/csharp_arrays.htm},
    publisher = {tutorialspoint},
    keywords = {array, C#},
} 
@article{bigocheatsheet,
    author = {bigocheatsheet.com},
    title = {Know Thy Complexities},
    year = {2012},
    pages = {1},
    numpages = {1},
    url = {http://bigocheatsheet.com/},
    publisher = {bigocheatsheet.com},
    keywords = {Big O},
} 
@article{Bell,
    author = {Bell, R.},
    title = {Big O notation},
    month = November ,
    year = {2017},
    pages = {1},
    numpages = {1},
    url = {https://rob-bell.net/2009/06/a-beginners-guide-to-big-o-notation/},
    publisher = {Rob Bell},
    keywords = {Big O notation, C#},
} 
@article{lists,
    author = {Mehlhorn, K, Sanders, P},
    title = {Algorithms and Data Structures},
    journal = {The Basic Toolbox},
    issue_date = {2008},
    volume = {1},
    month = November,
    year = {2017},
    pages = {1},
    numpages = {77},
    doi = {10.1007/978-3-540-77978-0},
    publisher = {Springer.com},
    keywords = {list,array},
} 
@article{Queue,
    author = {Mehlhorn, K, Sanders, P},
    title = {Algorithms and Data Structures},
    journal = {The Basic Toolbox},
    issue_date = {2008},
    volume = {1},
    month = November,
    year = {2017},
    pages = {3},
    numpages = {74-77},
    doi = {10.1007/978-3-540-77978-0},
    publisher = {Springer.com},
    keywords = {Queue},
} 